

@book{buch1977,
author    = {M.J. O'Donnell},
title     = {Computing in Systems Described by Equations},
publisher = {Springer-Verlag Berlin Heidelberg},
year      = {1977},
}


@article{lisp,
author  = {John McCarthy},
title   = {Recursive Functions of Symbolic Expressions and Their Computation by Machine, Part 1},
journal = {Communications of the ACM},
year    = {1960},
}


@online{haskellConstructor,
author  = {HaskellWiki},
title   = {Constructor},
url     = {wiki.haskell.org/Constructor#Data_constructor},
urldate = {2021-05-11},
}

@article{patternMatchingInTrees,
author  = {C.M. Hoffmann, M.J. O'Donnell},
title   = {Pattern Matching in Trees},
year    = {1982},
journal = {Journal of the ACM (JACM)},
}

@article{NPHardMatching,
author  = {Dan Benanav and Deepak Kapur and Paliath Narendran},
title   = {Complexity of matching problems},
year    = {1987},
journal = {Journal of Symbolic Computation},
volume  = {3},
number  = {1},
pages   = {203-216},
issn    = {0747-7171},
doi     = {https://doi.org/10.1016/S0747-7171(87)80027-5},
}


@inbook{baader_nipkow_1998, 
author    = {Baader, Franz and Nipkow, Tobias}, 
booktitle = {Term Rewriting and All That}, 
title     = {Motivating Examples}, 
year      = {1998}, 
place     = {Cambridge}, 
DOI       = {10.1017/CBO9781139172752.002}, 
publisher = {Cambridge University Press}, 
pages     = {1-6},
}

@InProceedings{HaskellCoreOptimizer,
author    = {Jones, Simon L. Peyton},
editor    = {Nielson, Hanne Riis},
title     = {Compiling Haskell by program transformation: A report from the trenches},
booktitle = {Programming Languages and Systems --- ESOP '96},
year      = {1996},
publisher = {Springer Berlin Heidelberg},
address   = {Berlin, Heidelberg},
pages     = {18-44},
isbn      = {978-3-540-49942-8},
}





























